@inproceedings{Graham2023,
  title        = {Post-Emplacement Degassing at Obsidian and South Deadman Lava Domes, Mono-Inyo Craters, Eastern California},
  author       = {Graham, N. and Larsen, J. and Shreve, T.},
  year         = 2023,
  month        = {December},
  address      = {San Francisco, CA},
  organization = {American Geophysical Union}
}

@article{Edmonds2003,
   author = {M. Edmonds and C. Oppenheimer and D. M. Pyle and R. A. Herd and G. Thompson},
   doi = {10.1016/S0377-0273(03)00041-6},
   issn = {03770273},
   issue = {1-2},
   journal = {Journal of Volcanology and Geothermal Research},
   month = {5},
   pages = {23-43},
   publisher = {Elsevier},
   title = {SO$_{2}$ emissions from Soufri√®re Hills Volcano and their relationship to conduit permeability, hydrothermal interaction and degassing regime},
   volume = {124},
   year = {2003},
}
